<record><leader>00000cas a22000007a 4500</leader><controlfield tag="001">9287347</controlfield><controlfield tag="008">830307c19969999tnudn ne      0   a0eng d</controlfield><datafield ind1=" " ind2=" " tag="010"><subfield code="a">sn 83002053 </subfield></datafield><datafield ind1=" " ind2=" " tag="040"><subfield code="a">NSD</subfield><subfield code="b">eng</subfield><subfield code="c">NSD</subfield><subfield code="d">KNP</subfield><subfield code="d">TGN</subfield><subfield code="d">OCLCQ</subfield><subfield code="d">OCLCF</subfield><subfield code="d">OCLCO</subfield></datafield><datafield ind1=" " ind2=" " tag="012"><subfield code="m">1</subfield></datafield><datafield ind1=" " ind2=" " tag="019"><subfield code="a">990540216</subfield></datafield><datafield ind1="1" ind2=" " tag="022"><subfield code="a">0745-5534</subfield><subfield code="l">0745-5534</subfield><subfield code="2">1</subfield></datafield><datafield ind1="1" ind2=" " tag="029"><subfield code="a">AU@</subfield><subfield code="b">000045449631</subfield></datafield><datafield ind1=" " ind2=" " tag="032"><subfield code="a">647900</subfield><subfield code="b">USPS</subfield></datafield><datafield ind1=" " ind2=" " tag="037"><subfield code="b">Union City Daily Messenger Inc., 613 Jackson Street, Union City, TN 38261</subfield></datafield><datafield ind1=" " ind2=" " tag="042"><subfield code="a">nsdp</subfield></datafield><datafield ind1="0" ind2=" " tag="130"><subfield code="a">Messenger (Union City, Tenn.)</subfield></datafield><datafield ind1=" " ind2="0" tag="222"><subfield code="a">Messenger</subfield><subfield code="b">(Union City, Tenn.)</subfield></datafield><datafield ind1="0" ind2="0" tag="245"><subfield code="a">Messenger.</subfield></datafield><datafield ind1="1" ind2="7" tag="246"><subfield code="a">Daily messenger</subfield></datafield><datafield ind1=" " ind2=" " tag="260"><subfield code="a">Union City, Tenn. :</subfield><subfield code="b">Union City Daily Messenger, Inc.,</subfield><subfield code="c">1996-</subfield></datafield><datafield ind1=" " ind2=" " tag="300"><subfield code="a">v. :</subfield><subfield code="b">ill.</subfield></datafield><datafield ind1=" " ind2=" " tag="310"><subfield code="a">Daily (except weekends, holidays)</subfield></datafield><datafield ind1="0" ind2=" " tag="362"><subfield code="a">Vol. 71, no. 230 (Nov. 20, 1996)-</subfield></datafield><datafield ind1=" " ind2="0" tag="651"><subfield code="a">Union City (Tenn.)</subfield><subfield code="v">Newspapers.</subfield></datafield><datafield ind1=" " ind2="0" tag="651"><subfield code="a">Obion County (Tenn.)</subfield><subfield code="v">Newspapers.</subfield></datafield><datafield ind1=" " ind2="7" tag="655"><subfield code="a">Newspapers.</subfield><subfield code="2">fast</subfield><subfield code="0">(OCoLC)fst01423814</subfield></datafield><datafield ind1=" " ind2="7" tag="651"><subfield code="a">Tennessee</subfield><subfield code="z">Obion County.</subfield><subfield code="2">fast</subfield><subfield code="0">(OCoLC)fst01226005</subfield></datafield><datafield ind1=" " ind2="7" tag="651"><subfield code="a">Tennessee</subfield><subfield code="z">Union City.</subfield><subfield code="2">fast</subfield><subfield code="0">(OCoLC)fst01226846</subfield></datafield><datafield ind1=" " ind2=" " tag="752"><subfield code="a">United States</subfield><subfield code="b">Tennessee</subfield><subfield code="c">Obion</subfield><subfield code="d">Union City.</subfield></datafield><datafield ind1="0" ind2="0" tag="780"><subfield code="t">Union City daily messenger</subfield><subfield code="w">(DLC)sn 89058322</subfield></datafield></record>